%YAML 1.1
%TAG !u! tag:unity3d.com,2011:
--- !u!1 &3852249284935892840
GameObject:
  m_ObjectHideFlags: 0
  m_CorrespondingSourceObject: {fileID: 0}
  m_PrefabInstance: {fileID: 0}
  m_PrefabAsset: {fileID: 0}
  serializedVersion: 6
  m_Component:
  - component: {fileID: 3852249284935892843}
  m_Layer: 5
  m_Name: Cubes (Right)
  m_TagString: Untagged
  m_Icon: {fileID: 0}
  m_NavMeshLayer: 0
  m_StaticEditorFlags: 0
  m_IsActive: 1
--- !u!224 &3852249284935892843
RectTransform:
  m_ObjectHideFlags: 0
  m_CorrespondingSourceObject: {fileID: 0}
  m_PrefabInstance: {fileID: 0}
  m_PrefabAsset: {fileID: 0}
  m_GameObject: {fileID: 3852249284935892840}
  m_LocalRotation: {x: -0, y: -0, z: -0, w: 1}
  m_LocalPosition: {x: 0, y: 0, z: 0}
  m_LocalScale: {x: 1, y: 1, z: 1}
  m_ConstrainProportionsScale: 0
  m_Children:
  - {fileID: 6288840648847697177}
  - {fileID: 8223824341221486837}
  - {fileID: 6377186113997498652}
  m_Father: {fileID: 0}
  m_RootOrder: 0
  m_LocalEulerAnglesHint: {x: 0, y: 0, z: 0}
  m_AnchorMin: {x: 0.5, y: 0.5}
  m_AnchorMax: {x: 0.5, y: 0.5}
  m_AnchoredPosition: {x: 0, y: 0}
  m_SizeDelta: {x: 0, y: 0}
  m_Pivot: {x: 0.5, y: 0.5}
--- !u!1001 &1270881175384668097
PrefabInstance:
  m_ObjectHideFlags: 0
  serializedVersion: 2
  m_Modification:
    m_TransformParent: {fileID: 3852249284935892843}
    m_Modifications:
    - target: {fileID: 265332000247391694, guid: 562d551f7a6d48a46a8c330626cdbc62, type: 3}
      propertyPath: m_SizeDelta.x
      value: 45
      objectReference: {fileID: 0}
    - target: {fileID: 265332000247391694, guid: 562d551f7a6d48a46a8c330626cdbc62, type: 3}
      propertyPath: m_SizeDelta.y
      value: 45
      objectReference: {fileID: 0}
    - target: {fileID: 265332000247391694, guid: 562d551f7a6d48a46a8c330626cdbc62, type: 3}
      propertyPath: m_LocalRotation.w
      value: 0.9914449
      objectReference: {fileID: 0}
    - target: {fileID: 265332000247391694, guid: 562d551f7a6d48a46a8c330626cdbc62, type: 3}
      propertyPath: m_LocalRotation.z
      value: 0.13052616
      objectReference: {fileID: 0}
    - target: {fileID: 1735598910753741825, guid: 562d551f7a6d48a46a8c330626cdbc62, type: 3}
      propertyPath: _parameterValue
      value: 0.4
      objectReference: {fileID: 0}
    - target: {fileID: 3655905041478913535, guid: 562d551f7a6d48a46a8c330626cdbc62, type: 3}
      propertyPath: _parameterValue
      value: 0.04
      objectReference: {fileID: 0}
    - target: {fileID: 4590608630281123165, guid: 562d551f7a6d48a46a8c330626cdbc62, type: 3}
      propertyPath: m_Name
      value: Cube (3)
      objectReference: {fileID: 0}
    - target: {fileID: 5270129972144987869, guid: 562d551f7a6d48a46a8c330626cdbc62, type: 3}
      propertyPath: m_RootOrder
      value: 2
      objectReference: {fileID: 0}
    - target: {fileID: 5270129972144987869, guid: 562d551f7a6d48a46a8c330626cdbc62, type: 3}
      propertyPath: m_LocalPosition.x
      value: 0
      objectReference: {fileID: 0}
    - target: {fileID: 5270129972144987869, guid: 562d551f7a6d48a46a8c330626cdbc62, type: 3}
      propertyPath: m_LocalPosition.y
      value: 0
      objectReference: {fileID: 0}
    - target: {fileID: 5270129972144987869, guid: 562d551f7a6d48a46a8c330626cdbc62, type: 3}
      propertyPath: m_LocalRotation.w
      value: 0.9990483
      objectReference: {fileID: 0}
    - target: {fileID: 5270129972144987869, guid: 562d551f7a6d48a46a8c330626cdbc62, type: 3}
      propertyPath: m_LocalRotation.z
      value: -0.043619405
      objectReference: {fileID: 0}
    - target: {fileID: 5270129972144987869, guid: 562d551f7a6d48a46a8c330626cdbc62, type: 3}
      propertyPath: m_AnchoredPosition.x
      value: -20
      objectReference: {fileID: 0}
    - target: {fileID: 5270129972144987869, guid: 562d551f7a6d48a46a8c330626cdbc62, type: 3}
      propertyPath: m_AnchoredPosition.y
      value: 120
      objectReference: {fileID: 0}
    - target: {fileID: 5270129972144987869, guid: 562d551f7a6d48a46a8c330626cdbc62, type: 3}
      propertyPath: m_LocalEulerAnglesHint.x
      value: 0
      objectReference: {fileID: 0}
    - target: {fileID: 5270129972144987869, guid: 562d551f7a6d48a46a8c330626cdbc62, type: 3}
      propertyPath: m_LocalEulerAnglesHint.y
      value: 0
      objectReference: {fileID: 0}
    - target: {fileID: 5270129972144987869, guid: 562d551f7a6d48a46a8c330626cdbc62, type: 3}
      propertyPath: m_LocalEulerAnglesHint.z
      value: -5
      objectReference: {fileID: 0}
    - target: {fileID: 5489887438141245324, guid: 562d551f7a6d48a46a8c330626cdbc62, type: 3}
      propertyPath: _parameterValue
      value: 0.25
      objectReference: {fileID: 0}
    - target: {fileID: 6361197892599225188, guid: 562d551f7a6d48a46a8c330626cdbc62, type: 3}
      propertyPath: _parameterValue
      value: 0.15
      objectReference: {fileID: 0}
    - target: {fileID: 6454485488057326676, guid: 562d551f7a6d48a46a8c330626cdbc62, type: 3}
      propertyPath: _parameterValue
      value: 0.025
      objectReference: {fileID: 0}
    - target: {fileID: 9028293273091657258, guid: 562d551f7a6d48a46a8c330626cdbc62, type: 3}
      propertyPath: _parameterValue
      value: 0.35
      objectReference: {fileID: 0}
    m_RemovedComponents: []
  m_SourcePrefab: {fileID: 100100000, guid: 562d551f7a6d48a46a8c330626cdbc62, type: 3}
--- !u!224 &6377186113997498652 stripped
RectTransform:
  m_CorrespondingSourceObject: {fileID: 5270129972144987869, guid: 562d551f7a6d48a46a8c330626cdbc62, type: 3}
  m_PrefabInstance: {fileID: 1270881175384668097}
  m_PrefabAsset: {fileID: 0}
--- !u!1001 &2190209611520146372
PrefabInstance:
  m_ObjectHideFlags: 0
  serializedVersion: 2
  m_Modification:
    m_TransformParent: {fileID: 3852249284935892843}
    m_Modifications:
    - target: {fileID: 265332000247391694, guid: 562d551f7a6d48a46a8c330626cdbc62, type: 3}
      propertyPath: m_SizeDelta.x
      value: 300
      objectReference: {fileID: 0}
    - target: {fileID: 265332000247391694, guid: 562d551f7a6d48a46a8c330626cdbc62, type: 3}
      propertyPath: m_SizeDelta.y
      value: 300
      objectReference: {fileID: 0}
    - target: {fileID: 265332000247391694, guid: 562d551f7a6d48a46a8c330626cdbc62, type: 3}
      propertyPath: m_LocalRotation.w
      value: 0.9659258
      objectReference: {fileID: 0}
    - target: {fileID: 265332000247391694, guid: 562d551f7a6d48a46a8c330626cdbc62, type: 3}
      propertyPath: m_LocalRotation.z
      value: 0.2588191
      objectReference: {fileID: 0}
    - target: {fileID: 1735598910753741825, guid: 562d551f7a6d48a46a8c330626cdbc62, type: 3}
      propertyPath: _parameterValue
      value: 0.35
      objectReference: {fileID: 0}
    - target: {fileID: 3655905041478913535, guid: 562d551f7a6d48a46a8c330626cdbc62, type: 3}
      propertyPath: _parameterValue
      value: 0.055
      objectReference: {fileID: 0}
    - target: {fileID: 4590608630281123165, guid: 562d551f7a6d48a46a8c330626cdbc62, type: 3}
      propertyPath: m_Name
      value: Cube (1)
      objectReference: {fileID: 0}
    - target: {fileID: 5270129972144987869, guid: 562d551f7a6d48a46a8c330626cdbc62, type: 3}
      propertyPath: m_RootOrder
      value: 0
      objectReference: {fileID: 0}
    - target: {fileID: 5270129972144987869, guid: 562d551f7a6d48a46a8c330626cdbc62, type: 3}
      propertyPath: m_LocalPosition.x
      value: 0
      objectReference: {fileID: 0}
    - target: {fileID: 5270129972144987869, guid: 562d551f7a6d48a46a8c330626cdbc62, type: 3}
      propertyPath: m_LocalPosition.y
      value: 0
      objectReference: {fileID: 0}
    - target: {fileID: 5270129972144987869, guid: 562d551f7a6d48a46a8c330626cdbc62, type: 3}
      propertyPath: m_LocalRotation.w
      value: 0.9990483
      objectReference: {fileID: 0}
    - target: {fileID: 5270129972144987869, guid: 562d551f7a6d48a46a8c330626cdbc62, type: 3}
      propertyPath: m_LocalRotation.z
      value: 0.043619405
      objectReference: {fileID: 0}
    - target: {fileID: 5270129972144987869, guid: 562d551f7a6d48a46a8c330626cdbc62, type: 3}
      propertyPath: m_AnchoredPosition.x
      value: 109.99997
      objectReference: {fileID: 0}
    - target: {fileID: 5270129972144987869, guid: 562d551f7a6d48a46a8c330626cdbc62, type: 3}
      propertyPath: m_AnchoredPosition.y
      value: -120
      objectReference: {fileID: 0}
    - target: {fileID: 5270129972144987869, guid: 562d551f7a6d48a46a8c330626cdbc62, type: 3}
      propertyPath: m_LocalEulerAnglesHint.x
      value: 0
      objectReference: {fileID: 0}
    - target: {fileID: 5270129972144987869, guid: 562d551f7a6d48a46a8c330626cdbc62, type: 3}
      propertyPath: m_LocalEulerAnglesHint.y
      value: 0
      objectReference: {fileID: 0}
    - target: {fileID: 5270129972144987869, guid: 562d551f7a6d48a46a8c330626cdbc62, type: 3}
      propertyPath: m_LocalEulerAnglesHint.z
      value: 5
      objectReference: {fileID: 0}
    - target: {fileID: 5489887438141245324, guid: 562d551f7a6d48a46a8c330626cdbc62, type: 3}
      propertyPath: _parameterValue
      value: 0.15
      objectReference: {fileID: 0}
    - target: {fileID: 6454485488057326676, guid: 562d551f7a6d48a46a8c330626cdbc62, type: 3}
      propertyPath: _parameterValue
      value: 0.015
      objectReference: {fileID: 0}
    - target: {fileID: 9028293273091657258, guid: 562d551f7a6d48a46a8c330626cdbc62, type: 3}
      propertyPath: _parameterValue
      value: 0.25
      objectReference: {fileID: 0}
    m_RemovedComponents: []
  m_SourcePrefab: {fileID: 100100000, guid: 562d551f7a6d48a46a8c330626cdbc62, type: 3}
--- !u!224 &6288840648847697177 stripped
RectTransform:
  m_CorrespondingSourceObject: {fileID: 5270129972144987869, guid: 562d551f7a6d48a46a8c330626cdbc62, type: 3}
  m_PrefabInstance: {fileID: 2190209611520146372}
  m_PrefabAsset: {fileID: 0}
--- !u!1001 &4252427067177627176
PrefabInstance:
  m_ObjectHideFlags: 0
  serializedVersion: 2
  m_Modification:
    m_TransformParent: {fileID: 3852249284935892843}
    m_Modifications:
    - target: {fileID: 265332000247391694, guid: 562d551f7a6d48a46a8c330626cdbc62, type: 3}
      propertyPath: m_LocalRotation.w
      value: -0.9396926
      objectReference: {fileID: 0}
    - target: {fileID: 265332000247391694, guid: 562d551f7a6d48a46a8c330626cdbc62, type: 3}
      propertyPath: m_LocalRotation.z
      value: 0.3420202
      objectReference: {fileID: 0}
    - target: {fileID: 1735598910753741825, guid: 562d551f7a6d48a46a8c330626cdbc62, type: 3}
      propertyPath: _parameterValue
      value: 0.375
      objectReference: {fileID: 0}
    - target: {fileID: 3655905041478913535, guid: 562d551f7a6d48a46a8c330626cdbc62, type: 3}
      propertyPath: _parameterValue
      value: 0.045
      objectReference: {fileID: 0}
    - target: {fileID: 4590608630281123165, guid: 562d551f7a6d48a46a8c330626cdbc62, type: 3}
      propertyPath: m_Name
      value: Cube (2)
      objectReference: {fileID: 0}
    - target: {fileID: 5270129972144987869, guid: 562d551f7a6d48a46a8c330626cdbc62, type: 3}
      propertyPath: m_RootOrder
      value: 1
      objectReference: {fileID: 0}
    - target: {fileID: 5270129972144987869, guid: 562d551f7a6d48a46a8c330626cdbc62, type: 3}
      propertyPath: m_LocalPosition.x
      value: 0
      objectReference: {fileID: 0}
    - target: {fileID: 5270129972144987869, guid: 562d551f7a6d48a46a8c330626cdbc62, type: 3}
      propertyPath: m_LocalPosition.y
      value: 0
      objectReference: {fileID: 0}
    - target: {fileID: 5270129972144987869, guid: 562d551f7a6d48a46a8c330626cdbc62, type: 3}
      propertyPath: m_AnchoredPosition.x
      value: -100
      objectReference: {fileID: 0}
    - target: {fileID: 5270129972144987869, guid: 562d551f7a6d48a46a8c330626cdbc62, type: 3}
      propertyPath: m_AnchoredPosition.y
      value: 10
      objectReference: {fileID: 0}
    - target: {fileID: 5270129972144987869, guid: 562d551f7a6d48a46a8c330626cdbc62, type: 3}
      propertyPath: m_LocalEulerAnglesHint.x
      value: 0
      objectReference: {fileID: 0}
    - target: {fileID: 5270129972144987869, guid: 562d551f7a6d48a46a8c330626cdbc62, type: 3}
      propertyPath: m_LocalEulerAnglesHint.y
      value: 0
      objectReference: {fileID: 0}
    - target: {fileID: 5270129972144987869, guid: 562d551f7a6d48a46a8c330626cdbc62, type: 3}
      propertyPath: m_LocalEulerAnglesHint.z
      value: -40
      objectReference: {fileID: 0}
    - target: {fileID: 6361197892599225188, guid: 562d551f7a6d48a46a8c330626cdbc62, type: 3}
      propertyPath: _parameterValue
      value: 0.35
      objectReference: {fileID: 0}
    - target: {fileID: 6454485488057326676, guid: 562d551f7a6d48a46a8c330626cdbc62, type: 3}
      propertyPath: _parameterValue
      value: 0.02
      objectReference: {fileID: 0}
    - target: {fileID: 9028293273091657258, guid: 562d551f7a6d48a46a8c330626cdbc62, type: 3}
      propertyPath: _parameterValue
      value: 0.25
      objectReference: {fileID: 0}
    m_RemovedComponents: []
  m_SourcePrefab: {fileID: 100100000, guid: 562d551f7a6d48a46a8c330626cdbc62, type: 3}
--- !u!224 &8223824341221486837 stripped
RectTransform:
  m_CorrespondingSourceObject: {fileID: 5270129972144987869, guid: 562d551f7a6d48a46a8c330626cdbc62, type: 3}
  m_PrefabInstance: {fileID: 4252427067177627176}
  m_PrefabAsset: {fileID: 0}
